<record><leader>00000cas a22000007a 4500</leader><controlfield tag="001">13291570</controlfield><controlfield tag="008">860313d19501958aluwr ne      0    0eng d</controlfield><datafield ind1=" " ind2=" " tag="010"><subfield code="a">sn 86050103 </subfield></datafield><datafield ind1=" " ind2=" " tag="040"><subfield code="a">AAR</subfield><subfield code="b">eng</subfield><subfield code="c">AAR</subfield><subfield code="d">CPN</subfield><subfield code="d">OCLCQ</subfield></datafield><datafield ind1=" " ind2=" " tag="042"><subfield code="a">msc</subfield></datafield><datafield ind1="0" ind2="4" tag="245"><subfield code="a">The Tuskegee herald.</subfield></datafield><datafield ind1=" " ind2=" " tag="260"><subfield code="a">Tuskegee, Ala. :</subfield><subfield code="b">Tuskegee Print. Co.,</subfield><subfield code="c">1950-1958.</subfield></datafield><datafield ind1=" " ind2=" " tag="300"><subfield code="a">v. :</subfield><subfield code="b">ill. ;</subfield><subfield code="c">55-56 cm.</subfield></datafield><datafield ind1=" " ind2=" " tag="310"><subfield code="a">Weekly</subfield></datafield><datafield ind1="0" ind2=" " tag="362"><subfield code="a">Vol. 1, no. 1 (Jan. 31, 1950)-v. 9, no. 21 (June 24, 1958).</subfield></datafield><datafield ind1=" " ind2=" " tag="500"><subfield code="a">Editor: Mrs. E.M. Washington.</subfield></datafield><datafield ind1=" " ind2=" " tag="752"><subfield code="a">United States</subfield><subfield code="b">Alabama</subfield><subfield code="c">Macon</subfield><subfield code="d">Tuskegee.</subfield></datafield><datafield ind1="0" ind2="4" tag="785"><subfield code="t">Tuskegee news (1888)</subfield><subfield code="w">(DLC)sn 86050105</subfield></datafield><datafield ind1="1" ind2=" " tag="029"><subfield code="a">AU@</subfield><subfield code="b">000025838470</subfield></datafield></record>